%% This BibTeX bibliography file was created using BibDesk.
%% http://bibdesk.sourceforge.net/


%% Created for mpa at 2010-11-16 19:43:14 +0200 


%% Saved with string encoding Unicode (UTF-8) 



@inproceedings{unified_ontology,
	Author = {Youseff, L. and Butrico, M. and Da Silva, D.},
	Booktitle = {Grid Computing Environments Workshop, 2008. GCE '08},
	Date-Added = {2010-11-16 19:38:59 +0200},
	Date-Modified = {2010-11-16 19:39:08 +0200},
	Doi = {10.1109/GCE.2008.4738443},
	Keywords = {cloud computing technology;distributed computing;gateway design;grid computing;portal design;scientific community;scientific environment;service-oriented architecture;unified ontology;virtualization technology;Web services;ontologies (artificial intelligence);},
	Month = nov.,
	Pages = {1 -10},
	Title = {Toward a Unified Ontology of Cloud Computing},
	Year = {2008},
	Bdsk-Url-1 = {http://dx.doi.org/10.1109/GCE.2008.4738443}}

@article{Pri08,
	Acmid = {1394128},
	Address = {New York, NY, USA},
	Author = {Pritchett, Dan},
	Date-Added = {2010-11-16 19:38:18 +0200},
	Date-Modified = {2010-11-16 19:38:25 +0200},
	Doi = {http://doi.acm.org/10.1145/1394127.1394128},
	Issn = {1542-7730},
	Issue = {3},
	Journal = {Queue},
	Month = {May},
	Numpages = {8},
	Pages = {48--55},
	Publisher = {ACM},
	Title = {BASE: An Acid Alternative},
	Url = {http://doi.acm.org/10.1145/1394127.1394128},
	Volume = {6},
	Year = {2008},
	Bdsk-Url-1 = {http://doi.acm.org/10.1145/1394127.1394128}}

@article{GiL02,
	Acmid = {564601},
	Address = {New York, NY, USA},
	Author = {Gilbert, Seth and Lynch, Nancy},
	Date-Added = {2010-11-16 19:37:46 +0200},
	Date-Modified = {2010-11-16 19:37:52 +0200},
	Doi = {http://doi.acm.org/10.1145/564585.564601},
	Issn = {0163-5700},
	Issue = {2},
	Journal = {SIGACT News},
	Month = {June},
	Numpages = {9},
	Pages = {51--59},
	Publisher = {ACM},
	Title = {Brewer's conjecture and the feasibility of consistent, available, partition-tolerant web services},
	Url = {http://doi.acm.org/10.1145/564585.564601},
	Volume = {33},
	Year = {2002},
	Bdsk-Url-1 = {http://doi.acm.org/10.1145/564585.564601}}

@inproceedings{Bre02,
	Acmid = {343502},
	Address = {New York, NY, USA},
	Author = {Brewer, Eric A.},
	Booktitle = {Proceedings of the nineteenth annual ACM symposium on Principles of distributed computing},
	Date-Added = {2010-11-16 19:37:05 +0200},
	Date-Modified = {2010-11-16 19:37:11 +0200},
	Doi = {http://doi.acm.org/10.1145/343477.343502},
	Isbn = {1-58113-183-6},
	Location = {Portland, Oregon, United States},
	Pages = {7--},
	Publisher = {ACM},
	Series = {PODC '00},
	Title = {Towards robust distributed systems (abstract)},
	Url = {http://doi.acm.org/10.1145/343477.343502},
	Year = {2000},
	Bdsk-Url-1 = {http://doi.acm.org/10.1145/343477.343502}}

@inproceedings{PES10,
	Acmid = {1851227},
	Address = {New York, NY, USA},
	Author = {Pujol, Josep M. and Erramilli, Vijay and Siganos, Georgos and Yang, Xiaoyuan and Laoutaris, Nikos and Chhabra, Parminder and Rodriguez, Pablo},
	Booktitle = {Proceedings of the ACM SIGCOMM 2010 conference on SIGCOMM},
	Date-Added = {2010-11-16 19:36:23 +0200},
	Date-Modified = {2010-11-16 19:36:30 +0200},
	Doi = {http://doi.acm.org/10.1145/1851182.1851227},
	Isbn = {978-1-4503-0201-2},
	Keywords = {partition, replication, scalability, social networks},
	Location = {New Delhi, India},
	Numpages = {12},
	Pages = {375--386},
	Publisher = {ACM},
	Series = {SIGCOMM '10},
	Title = {The little engine(s) that could: scaling online social networks},
	Url = {http://doi.acm.org/10.1145/1851182.1851227},
	Year = {2010},
	Bdsk-Url-1 = {http://doi.acm.org/10.1145/1851182.1851227}}

@article{WhatIsGrid02,
	Abstract = {{The recent explosion of commercial and scientific interest in the Grid makes it timely to revisit the question: What is the Grid, anyway? I propose here a three-point checklist for determining whether a system is a Grid. I also discuss the critical role that standards must play in defining the Grid.}},
	Author = {Foster, Ian},
	Citeulike-Article-Id = {798241},
	Citeulike-Linkout-0 = {http://www-fp.mcs.anl.gov/\~{}foster/Articles/WhatIsTheGrid.pdf},
	Citeulike-Linkout-1 = {http://www.gridtoday.com/02/0722/100136.html},
	Date-Added = {2010-11-16 19:34:47 +0200},
	Date-Modified = {2010-11-16 19:35:01 +0200},
	Day = {22},
	Journal = {GRIDtoday},
	Keywords = {grid},
	Month = {July},
	Number = {6},
	Posted-At = {2006-08-12 11:37:17},
	Priority = {2},
	Title = {{What is the Grid? - a three point checklist}},
	Url = {http://www-fp.mcs.anl.gov/\~{}foster/Articles/WhatIsTheGrid.pdf},
	Volume = {1},
	Year = {2002},
	Bdsk-Url-1 = {http://www-fp.mcs.anl.gov/%5C~%7B%7Dfoster/Articles/WhatIsTheGrid.pdf}}

@book{TheGrid08,
	Address = {San Francisco, CA, USA},
	Date-Added = {2010-11-16 19:33:24 +0200},
	Date-Modified = {2010-11-16 19:33:33 +0200},
	Editor = {Foster, Ian and Kesselman, Carl},
	Isbn = {1-55860-475-8},
	Publisher = {Morgan Kaufmann Publishers Inc.},
	Title = {The grid: blueprint for a new computing infrastructure},
	Year = {1999}}

@inproceedings{ROC,
	Acmid = {1287443},
	Author = {Fox, Armando},
	Booktitle = {Proceedings of the 28th international conference on Very Large Data Bases},
	Date-Added = {2010-11-16 19:31:37 +0200},
	Date-Modified = {2010-11-16 19:31:43 +0200},
	Location = {Hong Kong, China},
	Numpages = {4},
	Pages = {873--876},
	Publisher = {VLDB Endowment},
	Series = {VLDB '02},
	Title = {Toward recovery-oriented computing},
	Url = {http://portal.acm.org/citation.cfm?id=1287369.1287443},
	Year = {2002},
	Bdsk-Url-1 = {http://portal.acm.org/citation.cfm?id=1287369.1287443}}

@inproceedings{autonomic_research,
	Author = {Kephart, J.O.},
	Booktitle = {Software Engineering, 2005. ICSE 2005. Proceedings. 27th International Conference on},
	Date-Added = {2010-11-16 19:30:49 +0200},
	Date-Modified = {2010-11-16 19:31:00 +0200},
	Doi = {10.1109/ICSE.2005.1553533},
	Keywords = {IT industry; IT systems; autonomic computing; computing systems; self-management; fault tolerant computing; information systems; research and development; self-adjusting systems;},
	Month = may,
	Pages = {15 - 22},
	Title = {Research challenges of autonomic computing},
	Year = {2005},
	Bdsk-Url-1 = {http://dx.doi.org/10.1109/ICSE.2005.1553533}}

@article{autonomic_vision,
	Author = {Kephart, J.O. and Chess, D.M.},
	Date-Added = {2010-11-16 19:30:11 +0200},
	Date-Modified = {2010-11-16 19:30:24 +0200},
	Doi = {10.1109/MC.2003.1160055},
	Issn = {0018-9162},
	Journal = {Computer},
	Keywords = {autonomic computing; corporate-wide computing systems; self-managing computing systems; software complexity crisis; DP industry;},
	Month = jan,
	Number = {1},
	Pages = {41 - 50},
	Title = {The vision of autonomic computing},
	Volume = {36},
	Year = {2003},
	Bdsk-Url-1 = {http://dx.doi.org/10.1109/MC.2003.1160055}}

@article{vogels,
	Acmid = {1142065},
	Address = {New York, NY, USA},
	Author = {O'Hanlon, Charlene},
	Date-Added = {2010-11-16 19:28:53 +0200},
	Date-Modified = {2010-11-16 19:28:53 +0200},
	Doi = {http://doi.acm.org/10.1145/1142055.1142065},
	Issn = {1542-7730},
	Issue = {4},
	Journal = {Queue},
	Month = {May},
	Numpages = {9},
	Pages = {14--22},
	Publisher = {ACM},
	Title = {A Conversation with Werner Vogels},
	Url = {http://doi.acm.org/10.1145/1142055.1142065},
	Volume = {4},
	Year = {2006},
	Bdsk-Url-1 = {http://doi.acm.org/10.1145/1142055.1142065}}

@inproceedings{asp,
	Acmid = {371233},
	Address = {New York, NY, USA},
	Author = {Patnayakuni, Ravi and Seth, Nainika},
	Booktitle = {Proceedings of the 2001 ACM SIGCPR conference on Computer personnel research},
	Date-Added = {2010-11-16 19:26:29 +0200},
	Date-Modified = {2010-11-16 19:26:37 +0200},
	Doi = {http://doi.acm.org/10.1145/371209.371233},
	Isbn = {1-58113-363-4},
	Keywords = {IS management, application service providers, diffusion of adoption, outsourcing},
	Location = {San Diego, California, United States},
	Numpages = {7},
	Pages = {182--188},
	Publisher = {ACM},
	Series = {SIGCPR '01},
	Title = {Why license when you can rent? Risks and rewards of the application service provider model},
	Url = {http://doi.acm.org/10.1145/371209.371233},
	Year = {2001},
	Bdsk-Url-1 = {http://doi.acm.org/10.1145/371209.371233}}

@article{Cusumano10,
	Acmid = {1721667},
	Address = {New York, NY, USA},
	Author = {Cusumano, Michael},
	Date-Added = {2010-11-16 19:25:40 +0200},
	Date-Modified = {2010-11-16 19:25:56 +0200},
	Doi = {http://doi.acm.org/10.1145/1721654.1721667},
	Issn = {0001-0782},
	Issue = {4},
	Journal = {Commun. ACM},
	Month = {April},
	Numpages = {3},
	Pages = {27--29},
	Publisher = {ACM},
	Title = {Cloud computing and SaaS as new computing platforms},
	Url = {http://doi.acm.org/10.1145/1721654.1721667},
	Volume = {53},
	Year = {2010},
	Bdsk-Url-1 = {http://doi.acm.org/10.1145/1721654.1721667}}

@article{InTheClouds07,
	Acmid = {1327513},
	Address = {New York, NY, USA},
	Author = {Weiss, Aaron},
	Date-Added = {2010-11-16 19:23:38 +0200},
	Date-Modified = {2010-11-16 19:24:47 +0200},
	Doi = {http://doi.acm.org/10.1145/1327512.1327513},
	Issn = {1091-3556},
	Issue = {4},
	Journal = {netWorker},
	Month = {December},
	Numpages = {10},
	Pages = {16--25},
	Publisher = {ACM},
	Title = {Computing in the clouds},
	Url = {http://doi.acm.org/10.1145/1327512.1327513},
	Volume = {11},
	Year = {2007},
	Bdsk-Url-1 = {http://doi.acm.org/10.1145/1327512.1327513}}

@article{CloudComputing,
	Acmid = {1364786},
	Address = {New York, NY, USA},
	Author = {Hayes, Brian},
	Date-Added = {2010-11-16 19:22:54 +0200},
	Date-Modified = {2010-11-16 19:23:01 +0200},
	Doi = {http://doi.acm.org/10.1145/1364782.1364786},
	Issn = {0001-0782},
	Issue = {7},
	Journal = {Commun. ACM},
	Month = {July},
	Numpages = {3},
	Pages = {9--11},
	Publisher = {ACM},
	Title = {Cloud computing},
	Url = {http://doi.acm.org/10.1145/1364782.1364786},
	Volume = {51},
	Year = {2008},
	Bdsk-Url-1 = {http://doi.acm.org/10.1145/1364782.1364786}}

@inproceedings{ClientServer96,
	Acmid = {233328},
	Address = {New York, NY, USA},
	Author = {Franklin, Michael J. and J\'{o}nsson, Bj\"{o}rn Th\'{o}r and Kossmann, Donald},
	Booktitle = {Proceedings of the 1996 ACM SIGMOD international conference on Management of data},
	Date-Added = {2010-11-16 19:20:14 +0200},
	Date-Modified = {2010-11-16 19:20:23 +0200},
	Doi = {http://doi.acm.org/10.1145/233269.233328},
	Isbn = {0-89791-794-4},
	Location = {Montreal, Quebec, Canada},
	Numpages = {12},
	Pages = {149--160},
	Publisher = {ACM},
	Series = {SIGMOD '96},
	Title = {Performance tradeoffs for client-server query processing},
	Url = {http://doi.acm.org/10.1145/233269.233328},
	Year = {1996},
	Bdsk-Url-1 = {http://doi.acm.org/10.1145/233269.233328}}

@article{ethernet,
	Acmid = {360253},
	Address = {New York, NY, USA},
	Author = {Metcalfe, Robert M. and Boggs, David R.},
	Date-Added = {2010-11-16 19:18:50 +0200},
	Date-Modified = {2010-11-16 19:19:07 +0200},
	Doi = {http://doi.acm.org/10.1145/360248.360253},
	Issn = {0001-0782},
	Issue = {7},
	Journal = {Commun. ACM},
	Keywords = {broadcast communication, computer networks, distributed computing, distributed control, multiprocessing, packet switching, statistical arbitration},
	Month = {July},
	Numpages = {10},
	Pages = {395--404},
	Publisher = {ACM},
	Title = {Ethernet: distributed packet switching for local computer networks},
	Url = {http://doi.acm.org/10.1145/360248.360253},
	Volume = {19},
	Year = {1976},
	Bdsk-Url-1 = {http://doi.acm.org/10.1145/360248.360253}}

@inproceedings{timesharing,
	Acmid = {1464163},
	Address = {New York, NY, USA},
	Author = {Schwartz, Jules I. and Coffman, Edward G. and Weissman, Clark},
	Booktitle = {Proceedings of the April 21-23, 1964, spring joint computer conference},
	Date-Added = {2010-11-16 19:17:30 +0200},
	Date-Modified = {2010-11-16 19:19:00 +0200},
	Doi = {http://doi.acm.org/10.1145/1464122.1464163},
	Location = {Washington, D.C.},
	Numpages = {15},
	Pages = {397--411},
	Publisher = {ACM},
	Series = {AFIPS '64 (Spring)},
	Title = {A general-purpose time-sharing system},
	Url = {http://doi.acm.org/10.1145/1464122.1464163},
	Year = {1964},
	Bdsk-Url-1 = {http://doi.acm.org/10.1145/1464122.1464163}}

@article{zuse,
	Author = {Ceruzzi, Paul E.},
	Date-Added = {2010-11-16 19:15:27 +0200},
	Date-Modified = {2010-11-16 19:15:40 +0200},
	Doi = {10.1109/MAHC.1981.10034},
	Issn = {0164-1239},
	Journal = {Annals of the History of Computing},
	Month = july-sept.,
	Number = {3},
	Pages = {241 -262},
	Title = {The Early Computers of Konrad Zuse, 1935 to 1945},
	Volume = {3},
	Year = {1981},
	Bdsk-Url-1 = {http://dx.doi.org/10.1109/MAHC.1981.10034}}
